@book{coulouris2005distributed,
  title     = {Distributed systems: concepts and design},
  author    = {Coulouris, George F and Dollimore, Jean and Kindberg, Tim},
  year      = {2005},
  publisher = {pearson education}
}
@inproceedings{6871791,
  author    = {A. M. {Pfalzgraf} and J. A. {Driscoll}},
  booktitle = {IEEE International Conference on Electro/Information Technology},
  title     = {A low-cost computer cluster for high-performance computing education},
  year      = {2014},
  volume    = {},
  number    = {},
  pages     = {362-366},
  doi       = {10.1109/EIT.2014.6871791}
}
@inproceedings{moritz2018ray,
  title     = {Ray: A distributed framework for emerging $\{$AI$\}$ applications},
  author    = {Moritz, Philipp and Nishihara, Robert and Wang, Stephanie and Tumanov, Alexey and Liaw, Richard and Liang, Eric and Elibol, Melih and Yang, Zongheng and Paul, William and Jordan, Michael I and others},
  booktitle = {13th $\{$USENIX$\}$ Symposium on Operating Systems Design and Implementation ($\{$OSDI$\}$ 18)},
  pages     = {561--577},
  year      = {2018}
}